@book{nlptorch,
    author = {Bird, Steven and Klein, Ewan and Loper, Edward},
    title = {Natural Language Processing with Python},
    year = {2009},
    publisher = {O'Reilly Media},
    isbn = {9780596516499},
    url = {https://learning.oreilly.com/library/view/natural-language-processing/9781491978221/},
}

@misc{colah,
    author = {Olah, Christopher},
    title = {Understanding LSTM Networks},
    howpublished = {\url{http://colah.github.io/posts/2015-08-Understanding-LSTMs/}},
    year = {2015}
}


